@comment{This file has been generated by Pybliographer}

@Article{dummyarticle,
  Author         = {secondname1, firstname1 and secondname2, firstname2},
  Title          = {Dummy {A}rticle},
  Journal        = {Dummy Journal},
  month          = {20 } # aug,
  year           = 2008
}

