@comment{This file has been generated by Pybliographer}

@Article{dummyarticle,
  Author         = {secondname1, firstname1 and secondname2, firstname2},
  Title          = {Dummy {A}rticle},
  Journal        = {Dummy Journal},
  month          = {20 } # aug,
  year           = 2008
}


@Article{Rooney06,
  author = 	 {Sean Rooney and Daniel Bauer and Paolo Scotton},
  title = 	 {{Techniques for Integrating Sensors into the Enterprise Network}},
  journal = 	 {IEEE eTransactions on Network and Service Management},
  year = 	 {2006},
  volume =	 {2},
  number =	 {1}
}

@inproceedings{Abadi05,
  author    = {Daniel J. Abadi and
               Yanif Ahmad and
               Magdalena Balazinska and
               Ugur \c{C}etintemel and
               Mitch Cherniack and
               Jeong-Hyon Hwang and
               Wolfgang Lindner and
               Anurag Maskey and
               Alex Rasin and
               Esther Ryvkina and
               Nesime Tatbul and
               Ying Xing and
               Stanley B. Zdonik},
  title     = {{The Design of the Borealis Stream Processing Engine}},
  booktitle = {CIDR},
  year      = {2005},
  ee        = {http://www-db.cs.wisc.edu/cidr/papers/P23.pdf},
  bibsource = {DBLP, http://dblp.uni-trier.de}
}

@Article{Zdonik03,
  author = 	 {Stan Zdonik and Michael Stonebraker and Mitch Cherniack and Ugur Cetintemel and Magdalena Balazinska and Hari Balakrishnan},
  title = 	 {{The Aurora and Medusa Projects}},
  journal = 	 {Bulletin of the Technical Committe on Data Engineering, IEEE Computer Society},
  year = 	 {2003}
}

@inproceedings{Chandrasekaran03,
  author    = {Sirish Chandrasekaran and
               Owen Cooper and
               Amol Deshpande and
               Michael J. Franklin and
               Joseph M. Hellerstein and
               Wei Hong and
               Sailesh Krishnamurthy and
               Samuel Madden and
               Vijayshankar Raman and
               Frederick Reiss and
               Mehul A. Shah},
  title     = {{TelegraphCQ: Continuous Dataflow Processing for an Uncertain
               World}},
  booktitle = {CIDR},
  year      = {2003},
  ee        = {http://www-db.cs.wisc.edu/cidr/cidr2003/program/p24.pdf},
  bibsource = {DBLP, http://dblp.uni-trier.de}
}

@inproceedings{Yao03,
  author    = {Yong Yao and
               Johannes Gehrke},
  title     = {{Query Processing in Sensor Networks}},
  booktitle = {CIDR},
  year      = {2003},
  ee        = {http://www-db.cs.wisc.edu/cidr/cidr2003/program/p21.pdf},
  bibsource = {DBLP, http://dblp.uni-trier.de}
}

@InBook{Arasu06,
  author = 	 {A. Arasu and B. Babcock and S. Babu and J. Cieslewicz and M. Datar and K. Ito and R. Motwani and U. Srivastava and J. Widom.},
  title = 	 {{Data-Stream Management: Processing High-Speed Data Streams}},
  chapter = 	 {{STREAM: The Stanford Data Stream Management System}},
  publisher = 	 {Springer},
  year = 	 {2006},
}

@inproceedings{Cherniack03,
  author    = {Mitch Cherniack and
               Hari Balakrishnan and
               Magdalena Balazinska and
               Donald Carney and
               Ugur \c{C}etintemel and
               Ying Xing and
               Stanley B. Zdonik},
  title     = {{Scalable Distributed Stream Processing}},
  booktitle = {CIDR},
  year      = {2003},
  ee        = {http://www-db.cs.wisc.edu/cidr/cidr2003/program/p23.pdf},
  bibsource = {DBLP, http://dblp.uni-trier.de}
}

@InCollection{Sgroi05,
  author	= {M. Sgroi and A. Wolisz and A. Sangiovanni-Vincentelli and J. M. Rabaey},
  title		= {A Service-Based Universal Application Interface for Ad Hoc Wireless Sensor and Actuator Networks},
  booktitle	= {Ambient Intelligence},
  publisher	= {Springer Verlag},
  year		= 2005,
  OPTeditor =	 {W. Weber (Infineon) and J. Rabaey (UC Berkeley) and E.
		  Aarts (Philips)}
}

@PhdThesis{Madden03,
  author = 	 {S. Madden},
  title = 	 {{The Design and Evaluation of a Query processing Architecture for Sensor Networks}},
  school = 	 {UC Berkeley},
  year = 	 {2003}
}

@Article{Gibbons03,
  author = 	 {P. B. Gibbons and B. Karp and Y. Ke and S. Nath and S. Seshan},
  title = 	 {{IrisNet: An Architecture for a World-Wide Sensor Web}},
  journal = 	 {IEEE Pervasive Computing},
  year = 	 {2003},
  volume =	 {2},
  number =	 {4}
}

@InProceedings{Franklin05,
  author = 	 {M. Franklin and S. Jeffery and S. Krishnamurthy and F. Reiss and S. Rizvi and E. Wu and O. Cooper and A. Edakkunni and W. Hong},
  title = 	 {{Design Considerations for High Fan-in Systems: The HiFi Approach}},
  booktitle = 	 {CIDR},
  year =	 {2005}
}

@TechReport{Shneidman04,
  author = 	 {J. Shneidman and P. Pietzuch and J. Ledlie and M. Roussopoulos and M. Seltzer and M. Welsh},
  title = 	 {{Hourglass: An Infrastructure for Connecting Sensor Networks and Applications}},
  institution =  {Harvard University, EECS},
  year = 	 2004,
  number =	 {TR-21-04},
  note =	 {\url{http://www.eecs.harvard.edu/~syrah/hourglass/papers/tr2104.pdf}}
}


@InProceedings{Gray05,
  author = 	 {A. J. G. Gray and W. Nutt},
  title = 	 {{A Data Stream Publish/Subscribe Architecture with Self-adapting Queries}},
  booktitle = 	 {International Conference on Cooperative Information Systems (CoopIS)},
  year = 	 {2005}
}

@Article{Pugh90,
  author =   {W. Pugh},
  title =    {Skip lists: A probabilistic alternative to balanced trees},
  journal =      {Communications of the ACM},
  year =     {1990},
  volume =   {33},
  number =   {6}
}

@Article{Chun_CCR_2003,
   Author       = "B. Chun and D. Culler and T. Roscoe and A. Bavier
                   and L. Peterson and M. Wawrzoniak and M. Bowman",
   Title        = "{PlanetLab: An Overlay Testbed for Broad-Coverage Services}",   Journal      = "ACM SIGCOMM Computer Communication Review",
   Volume       = 33,
   Number       = 3,
   Month        = "July",
   Year         = 2003
}

@InProceedings{Harren-IPTPS02,
  author =   {M. Harren and J. M. Hellerstein and R. Huebsch and B. T. Loo and S. Shenker and I. Stoica},
  title =    {{Complex Queries in DHT-based Peer-to-Peer Networks}},
  booktitle =    {IPTPS},
  year =     {2002}
}

@InProceedings{Daswani-ICDT03,
  author =   {N. Daswani and H. Garcia-Molina and B. Yang},
  title =    {{Open Problems in Data-Sharing Peer-to-Peer Systems}},
  booktitle =    {9th International Conference on Database Theory (ICDT)},
  year =     {2003}
}

@InProceedings{Sahin-ICDE04,
  author =   {O. D. Sahin and A. Gupta and D. Agrawal and A. El Abbadi},
  title =    {{A Peer-to-peer Framework for Caching Range Queries}},
  booktitle =    {20th International Conference on Data Engineering (ICDE)},
  year =     {2004}
}

@InProceedings{Liau-DBISP2P04,
  author =   {C. Y. Liau and W. S. Ng and R. Panicker and S. Bressan and K.-L. Tan},
  title =    {{Efficient range queries and fast lookup services for scalable P2P networks}},
  booktitle =    {International Workshop on Databases, Information Systems, and Peer-to-Peer Computing (DBISP2P)},
  year =     {2004}
}

@InProceedings{RangeGuard04,
  author =   {N. Ntarmos and T. Pitoura and P. Triantafillou},
  title =    {{The RangeGuard: Range query optimization in peer-to-peer data networks}},
  booktitle =    {3rd Hellenic Data Management Symposium (HDMS'04)},
  year =     {2004},
}

@InProceedings{Triantafillou-DBISP2P03,
  author =   {P. Triantafillou and T. Pitoura},
  title =    {{Towards a Unifying Framework for Complex Query Processing over Structured Peer-to-Peer Data Networks}},
  booktitle =    {Databases, Information Systems, and Peer-to-Peer Computing: First International Workshop (DBISP2P)},
  year =     {2003},
  volume =   {2944},
  series =   {Lecture Notes in Computer Science}
}

@inproceedings{gupta03approximate,
  author = "A. Gupta and D. Agrawal and A. El Abbadi",
  title = "{Approximate Range Selection Queries in Peer-to-Peer Systems}",
  booktitle = "1st Biennial Conference on Innovative Data Systems Research (CIDR 2003)",
  year = "2003"
}

@inproceedings{Aspnes04podc,
  author = "J. Aspnes and J. Kirsch and A. Krishnamurthy",
  title = "{Load balancing and locality in range-queriable data structures}",
  booktitle = "ACM PODC",
  year = "2004"
}

@InProceedings{Triantafillou-DEBS04,
  author =   {P. Triantafillou and I. Aekaterinidis},
  title =    {{Content-based Publish/Subscribe Systems over Structured P2P Networks}},
  booktitle =    {International Workshop on Distributed Event Based Systems (DEBS04)},
  year =     {2004}
}

@TechReport{P2P-Survey-RissonMoors04,
  author =   {J. Risson and T. Moors},
  title =    {{Survey of Research towards Robust Peer-to-Peer Networks: Search Methods}},
  institution =  {University of New South Wales},
  year =     {2004},
  number =   {UNSW-EE-P2P-1-1},
  address =  {Sydney, Australia},
  month =    {Sep.},
  note =     {\url{http://www.ee.unsw.edu.au/~timm/pubs/robust_p2p/submitted.pdf}}
}

@InProceedings{SkipGraphs-Aspnes03,
  author =   {J. Aspnes and G. Shah},
  title =    {{Skip graphs}},
  OPTbooktitle =    {Fourteenth Annual ACM-SIAM Symposium on Discrete Algorithms},
  booktitle =    {ACM-SIAM Symposium on Discrete Algorithms},
  year =     {2003},
  month =    {Jan.}
}

@InBook{P2P-Survey-LiWu04,
  author =   {X. Li and J. Wu},
  title =    {{Handbook of Theoretical and Algorithmic Aspects of Sensor, Ad Hoc Wireless, and Peer-to-Peer Networks}},
  chapter =      {{Routing Techniques in Peer-to-Peer Networks}},
  publisher =    {CRC Press},
  year =     {2004},
  OPTnote =     {\url{http://www.comp.nus.edu.sg/~ooibc/courses/cs6203/p2psurvey.pdf}}
}

@Article{Mitzenmacher-power-of-two,
  author =   {M. Mitzenmacher},
  title =    {{The Power of Two Choices in Randomized Load Balancing}},
  journal =      {IEEE Transactions on Parallel and Distributed Systems},
  year =     {2001},
  volume =   {12},
  number =   {10}
}

@InProceedings{Ratnasamy-PHT-PODC04,
  author =   {S. Ramabhadran and S. Ratnasamy and J. M. Hellerstein and S. Shenker},
  title =    {{Brief Announcement: Prefix Hash Tree}},
  booktitle =    {ACM PODC},
  year =     {2004}
}

@TechReport{Ratnasamy-RangeQ03,
  author =   {S. Ratnasamy and J. M. Hellerstein and S. Shenker},
  title =    {{Range Queries over DHTs}},
  institution =  {Intel Research Berkeley},
  year =     {2003},
  number =   {IRB-TR-03-009},
  month =    {Jun.}
}

@InProceedings{Kademlia02,
  author =   {P. Maymounkov and D. Mazieres},
  title =    {{Kademlia: A Peer-to-peer Information System Based on the XOR Metric}},
  booktitle =    {IPTPS},
  year =     {2002}
}

@Misc{Heylighen97,
  author =   {Francis Heylighen},
  title =    {{Self-organization}},
  howpublished = {Principia Cybernetica Web},
  month =    {Jan.},
  year =     1997,
  note =     {\url{http://pespmc1.vub.ac.be/SELFORG.html}}
}

@Article{Schlosser03,
  author =   {M. Schlosser and M. Sintek and S. Decker and W. Nejdl},
  title =    {HyperCuP--Hypercubes, Ontologies, and Efficient Search on Peer-to-Peer Networks},
  journal =      {LNCS},
  year =     {2003},
  volume =   {2530}
}

@Article{Aberer05MultiLoadBalance,
  author =   {K. Aberer and A. Datta and M. Hauswirth and Roman Schmidt},
  title =    {{Indexing data-oriented overlay networks}},
  journal =      {{31st International Conference on Very Large Databases (VLDB)}},
  year =     {2005}
}

@article{Bharambe04,
 author = {A.R. Bharambe and M. Agrawal and S. Seshan},
 title = {Mercury: Supporting scalable multi-attribute range queries},
 journal = {SIGCOMM Computer Communication Review},
 volume = {34},
 number = {4},
 year = {2004},
 issn = {0146-4833},
 pages = {353--366},
 doi = {http://doi.acm.org/10.1145/1030194.1015507},
 publisher = {ACM Press},
 address = {New York, NY, USA},
 }

@Article{Adar00,
  author =       {E. Adar and B.A. Huberman},
  title =        {{Free Riding on Gnutella}},
  journal =      {First Monday},
  year =         {2000},
  volume =       {5},
  number =       {10},
  note =         {\url{http://firstmonday.org/issues/issue5_10/adar/index.html}}
}

@InProceedings{WDAS-P-Grid-Freenet03,
  author =   {Karl Aberer and Manfred Hauswirth and Magdalena Punceva},
  title =    {{Self-organized construction of distributed access structures: A comparative evaluation of P-Grid and Freenet}},
  booktitle =    {5th Workshop on Distributed Data and Structures (WDAS'2003)},
  year =     2003
}

@InProceedings{Sarshar03,
  author =   {N. Sarshar and V. Roychowdury and P. Oscar Boykin},
  title =    {{Percolation-based Search on unstructured Peer-To-Peer Networks}},
  booktitle =    {IPTPS},
  year =         {2003}
}

@InProceedings{Lv02,
  author =       {Qin {Lv} and Pei {Cao} and Edith {Cohen} and Kai {Li} and Scott {Shenker}},
  title =        {{Search and replication in unstructured peer-to-peer networks}},
  booktitle =    {International Conference on Supercomputing},
  year =         {2002}
}

@InProceedings{Aberer03k-ary,
  author =   {K. Aberer and M. Punceva},
  title =    {{Efficient Search in Structured Peer-to-Peer Systems: Binary v.s. k-ary Unbalanced Tree Structures}},
  booktitle =    {International Workshop On Databases, Information Systems and Peer-to-Peer Computing (DBISP2P)},
  year =     {2003}
}

@InProceedings{Awerbuch04,
  author =   {B. Awerbuch and C. Scheideler},
  title =    {{Consistent, Order-Preserving Data Management in Distributed Storage Systems}},
  OPTbooktitle =    {Sixteenth ACM Symposium on Parallelism in Algorithms and Architectures (SPAA)},
  booktitle =    {SPAA},
  year =     {2004}
}



@InProceedings{Ripeanu02,
  author =   {M. Ripeanu and I. Foster},
  title =    {{Mapping the Gnutella Network: Macroscopic Properties of Large-Scale Peer-to-Peer Systems}},
  booktitle =    {IPTPS},
  year =     {2002}
}

@TechReport{Aberer02Unbalanced,
  author =   {K. Aberer},
  title =    {{Efficient Search in Unbalanced, Randomized Peer-To-Peer Search Trees}},
  institution =  {Ecole Polytechnique F\'ed\'erale de Lausanne (EPFL)},
  year =     {2002},
  number =   {IC/2002/79},
  OPTnote =     {\url{http://www.p-grid.org/Papers/TR-IC-2002-79.pdf}}
}

@article{Aberer04Identity,
    author = "K. Aberer and A. Datta and M. Hauswirth",
    title = "Efficient, self-contained handling of identity in Peer-to-Peer systems",
    journal = "IEEE Transactions on Knowledge and Data Engineering",
    volume =   16,
    number =   7,
    year = 2004
}

@Article{AbererSIGMOD03,
  author =   {K. Aberer and P. Cudr\'e-Mauroux and A. Datta and Z. Despotovic and M. Hauswirth and M. Punceva and R. Schmidt},
  title =    {{P-Grid: A Self-organizing Structured P2P System}},
  journal =  {ACM SIGMOD Record},
  year =     {2003},
  volume =   {32},
  number =   {3}
}

@InBook{Aberer05Dynamics,
  author =   {K. Aberer and A. Datta and M. Hauswirth},
  title =    {{P-Grid: Dynamics of self-organizing processes in structured P2P systems}},
  journal =  {Book Chapter: Peer-to-Peer Systems and Applications},
  year =     {2005},
  publisher = {Springer Verlag},
  volume =   {LNCS 3845}
}

@Article{HellersteinSIGMOD03,
  author =   {J. M. Hellerstein},
  title =    {Toward Network Data Indepence},
  journal =      {ACM SIGMOD Record},
  year =     {2003},
  volume =   {32},
  number =   {3}
}

@TechReport{Aberer04GridVine,
  author =   {K. Aberer and P. Cudr\'e-Mauroux and M. Hauswirth},
  title =    {{GridVine: Building Internet-Scale Semantic Overlay Networks}},
  institution =  {EPFL},
  year =     {2004},
  number =   {IC/2004/38}
}

@TechReport{Aberer03RouteMaintenace,
  author =   {K. Aberer and A. Datta and M. Hauswirth},
  title =    {{Route maintenance overheads in DHT overlays}},
  institution =  {EPFL},
  year =     {2004},
  number =   {IC/2003/67},
  note =         {\url{http://www.p-grid.org/Papers/TR-IC-2003-67.pdf}}
}


@TechReport{Aberer04Demonstrator,
  author =   {K. Aberer and M. Hauswirth and R-Schmidt},
  title =    {{Experimental evaluation results of an advanced DHT-based peer-to-peer system}},
  institution =  {EPFL},
  year =     {2004},
  number =   {IC/2004/22},
  note =         {\url{http://www.p-grid.org/Papers/TR-IC-2004-22.pdf}}
}

@TechReport{Litwin02AlgSign,
    author =            {W. {Litwin} and T. {Schwarz}, S.J.},
    title =             {{Algebraic Signatures for Scalable Distributed Data Structures}},
    institution = {CERIA},
    year =              {2002},
    note =              {\url{http://ceria.dauphine.fr/File Signature Calculation for SDDS-thomas2.pdf}}
}

@Inproceedings{Litwin03DiskBackup,
    author =            {W. {Litwin} and R. {Mokadem} and T. {Schwarz}, S.J.},
    title =             {{Disk Backup Through Algebraic Signatures in Scalable and Distributed Data Structures}},
    booktitle =     {WDAS},
    conflocatio = {Thessaloniki},
    year =              {2003},
    url =                   {\url{http://ceria.dauphine.fr/Riad/Article_storage-wdas_wl.pdf}}
}

@InProceedings{dks,
  author =   {L. Onana Alima and S. El-Ansary and P. Brand and S. Haridi},
  title =    {{DKS(N,k,f): A Family of Low Communication, Scalable and Fault-Tolerant Infrastructures for P2P Applications}},
  booktitle =    {3rd IEEE/ACM International Symposium on Cluster Computing and the Grid (CCGRID)},
  year =     2003
}

@InProceedings{Datta03,
  author =   {A. Datta and M. Hauswirth and K. Aberer},
  title =    {{Beyond ``web of trust'': Enabling P2P E-commerce}},
  booktitle =    {IEEE Conference on Electronic Commerce},
  year =     2003
}

@InProceedings{Mahajan03,
  author =   {R. Mahajan and M. Castro and A. Rowstron},
  title =    {{Controlling the Cost of Reliability in Peer-to-Peer Overlays}},
  booktitle =    {IPTPS},
  year =     {2003}
}

@InProceedings{Hildrum02,
  author =   {K. Hildrum and J. D. Kubiatowicz and S. Rao and B. Y. Zhao},
  title =    {{Distributed Object Location in a Dynamic Network}},
  booktitle =    {SPAA},
  year =     {2002}
}

@TechReport{Zhao01,
  author =   {B. Y. Zhao and J. D. Kubiatowicz and A. D. Joseph},
  title =    {{Tapestry: An infrastructure for fault-tolerant wide-are location and routing}},
  institution =  {UC Berkeley},
  year =     2001,
  number =   {UCB/CSD-01-1141}
}

@InProceedings{Ratnasamy01,
  author =   {S. {Ratnasamy} and P. {Francis} and M. {Handley} and R. {Karp} and S. {Shenker}},
  title =    {{A Scalable Content-Addressable Network}},
  booktitle =    {{ACM SIGCOMM}},
  year =     {2001}
}

@InProceedings{Balakrishnan02,
  author =   {David Liben-Nowell and Hari Balakrishnan and David Karger},
  title =    {{Analysis of the Evolution of Peer-to-Peer Systems}},
  booktitle =    {PODC},
  year =     {2002}
}

@InProceedings{Rao03,
  author =   {Ananth Rao and Karthik Lakshminarayanan and Sonesh Surana and Richard Karp and Ion Stoica},
  title =    {{Load Balancing in Structured P2P Systems}},
  booktitle =    {2nd International Workshop on Peer-to-Peer Systems (IPTPS '03)},
  year =     {2003}
}

@InProceedings{Plaxton97,
  author =       {C. G. Plaxton and R. Rajaraman and A. W. Richa},
  title =        {{Accessing Nearby Copies of Replicated Objects in a Distribute
d Environment}},
  booktitle =    {SPAA},
  year =         {1997},
}

@Misc{Castro03,
  key =      {Castro},
  title =    {{Personal communication with Miguel Castro}},
  year =     {2003}
}

@InProceedings{Rowstron01,
  author =   {A. Rowstron and P. Druschel},
  title =    {{Pastry: Scalable, distributed object location and routing for large-scale peer-to-peer systems}},
  booktitle =    {IFIP/ACM International Conference on Distributed Systems Platforms (Middleware)},
  year =     {2001}
}

@Article{Huck02,
  author =   {P. Huck and M. Butler and A. Gupta and M. Feng},
  title =    {{A Self-Configuring and Self-Administering Name
                  System with Dynamic Address Assignment}},
  journal =  {ACM TOIT},
  year =     {2002},
  volume =   {2},
  number =   {1}
}

@TechReport{Hauswirth02,
  author =   {Manfred Hauswirth and Anwitaman Datta and Karl Aberer},
  title =    {{Handling Identity in Peer-to-Peer Systems}},
  institution =  {Ecole Polytechnique F\'ed\'erale de Lausanne (EPFL)},
  year =     {2002},
  number =   {IC/2002/67}
}

@Manual{Droms01,
  title =    {{Authentication for DHCP Messages}},
  author =   {R. Droms and W. Arbaugh},
  organization = {RFC3118, IETF},
  year =     {2001}
}

@Manual{Egevang94,
  title =    {{The IP Network Address Translator}},
  title =    {{The IP Network Address Translator (NAT)}},
  author =   {K. Egevang and P. Francis},
  organization = {RFC1631, IETF},
  year =     1994
}

@InProceedings{Aberer01a,
    author = "Karl {Aberer}",
    title = "{P-Grid: A self-organizing access structure for P2P information systems}",
    booktitle = "{Sixth International Conference on Cooperative Information Systems (CoopIS)}",
    year = "2001"
}

@InProceedings{Aberer01b,
  author =      {Karl Aberer and Zoran Despotovic},
  title =       {{Managing Trust in a Peer-2-Peer Information System}},
  booktitle =   {10th International Conference on Information
 and Knowledge Management (2001 ACM CIKM)},
  pages =       {310-317},
  year =        {2001},
  publisher =   {ACM Press}
}

@Article{Aberer01c,
  author =   {Karl Aberer and Manfred Hauswirth and Magdalena Punceva and Roman Schmidt},
  title =    {{Improving Data Access in P2P Systems}},
  journal =      {IEEE Internet Computing},
  year =     2002,
  volume =   6,
  number =   1
}

@InProceedings{Aberer01d,
  author =   {Karl Aberer},
  title =    {{Scalable Data Access in P2P Systems Using Unbalanced Search Trees}},
  booktitle =    {{4th Workshop on Distributed Data and Structures (WDAS'2002)}},
  year =     {2002}
}

@InProceedings{Clarke01,
  author =   {I. Clarke and O. Sandberg and B. Wiley and T. W. Hong},
  title =    {{Freenet: A Distributed Anonymous Information Storage and Retrieval System}},
  booktitle = {{Designing Privacy Enhancing Technologies: International Workshop on Design Issues in Anonymity and Unobservability}},
  year =     {2001},
  OPTnumber =   {2009},
  OPTseries =   {LNCS}
}

@Misc{Freenet02,
  author =   {Freenet},
  OPTtitle =    {{Windows Snapshot}},
  month =    {Sep.},
  year =     2002,
  note =     {\url{http://www.freenetproject.org/wiki/index.php?WindowsSnapshot}}
}

@Misc{Clip01,
  author =   {Clip2},
  title =    {{The Gnutella Protocol Specification v0.4 (Document Revision 1.2)}},
  month =    {Jun.},
  year =     2001,
  note =     {\url{http://www9.limewire.com/developer/gnutella_protocol_0.4.pdf}}
}

@Article{Clarke01b,
  author =   {I. Clarke and T. W. Hong and S. G. Miller and O. Sandberg and B. Wiley},
  title =    {{Protecting Free Expression Online with Freenet}},
  journal =      {IEEE Internet Computing},
  year =     {2002},
  volume =   {6},
  number =   {1}
}

@Manual{Droms97,
  title =    {{Dynamic Host Configuration Protocol}},
  author =   {R. Droms},
  organization = {RFC2131. Network Working Group, IETF},
  year =     {1997}
}

@InBook{Motwani95,
  author =   {R. Motwani and P. Raghavan},
  title =    {Randomized Algorithms},
  chapter =      {3.6, ``The Coupon Collector's Problem''},
  publisher =    {Cambridge University Press},
  year =     1995
}

@inproceedings{DattaHA03updatep2p,
    author = "A. Datta and M. Hauswirth and K. Aberer",
    title = "{Updates in Highly Unreliable, Replicated Peer-to-Peer Systems}",
    booktitle = "International Conference on Distributed Computing Systems
(ICDCS)",
    year = "2003"}

@Misc{DynDNS02,
  key =      {DynDNS},
  title =    {{Dynamic DNS Network Services}},
  year =     2003,
  note =     {\url{http://www.dyndns.org/}}
}

@Misc{Smith02,
  author =   {D. E. Smith},
  title =    {{Dynamic DNS}},
  month =    {May},
  year =     2002,
  note =     {\url{http://www.technopagan.org/dynamic/}}
}

@Book{Albitz01,
  author =   {P. Albitz and C. Liu},
  title =    {{DNS and BIND}},
  publisher =    {O'Reilly \& Associates},
  year =     {2001}
}

@Manual{Vixie97,
  title =    {{Dynamic Updates in the Domain Name System (DNS UPDATE)}},
  author =   {P. Vixie and S. Thomson and Y. Rekhter and J. Bound},
  organization = {RFC2136. Network Working Group, IETF},
  year =     {1997}
}

@Manual{Vixie00,
  title =    {{Secret Key Transaction Authentication for DNS (TSIG)}},
  author =   {P. Vixie and O. Gudmundsson and D. Eastlake 3rd and B. Wellington},
  organization = {RFC2846, IETF},
  year =     {2000}
}

@Manual{Eastlake99,
  title =    {{Domain Name System Security Extensions}},
  author =   {D. Eastlake},
  organization = {RFC2535. Network Working Group, IETF},
  year =     {1999}
}

@Book{Garfinkel94,
  author =   {S. Garfinkel},
  title =    {{PGP: Pretty Good Privacy}},
  publisher =    {O'Reilly \& Associates},
  year =     {1994}
}

@Article{Reiter98,
  author = {M. K. Reiter and S. G. Stubblebine},
  title = {{Resilient authentication using path independence}},
  journal = {IEEE Transactions on Computers},
  volume = {47},
  number = {12},
  year = {1998}
}

@article{Reiter99,
  author = {M. K. Reiter and S. G. Stubblebine},
  title = {{Authentication metric analysis and design}},
  journal = {ACM Transactions on Information and System Security},
  volume = {2},
  number = {2},
  year = {1999}
}

@InBook{Schneier,
  author =       {B. Schneier},
  title =        {Applied Cryptography},
  chapter =      {``Identification Schemes''},
  publisher =    {J. Wiley},
  year =         1996
}

@InProceedings{stoicachord,
    author = "I. Stoica and R. Morris and D. Karger and F. Kaashoek and H. Balakrishnan",
    title = "{Chord: A Scalable Peer-To-Peer Lookup Service for Internet Applications}",
    booktitle = "{ACM SIGCOMM}",
    year = "2001"
}

@InProceedings{cox02serving,
  author = "R. Cox and A. Muthitacharoen and R. Morris",
  title = "{Serving DNS using a Peer-to-Peer Lookup Service}",
  booktitle = {IPTPS'02},
  OPTbooktitle = {1st International Workshop on Peer-to-Peer Systems (IPTPS '02)},
  OPTnumber =    {2429},
  OPTseries =    {LNCS},
  OPTpublisher =     {Springer},
  year = "2002"
}

@InProceedings{ajmani02conchord,
  author = "S. Ajmani and D. E. Clarke and C.-H. Moh and S. Richman",
  title = "{ConChord: Cooperative SDSI Certificate Storage and Name Resolution}",
  booktitle = {IPTPS},
  OPTbooktitle = {1st International Workshop on Peer-to-Peer Systems (IPTPS '02)},
  OPTnumber =    {2429},
  OPTseries =    {LNCS},
  OPTpublisher =     {Springer},
  year = "2002"
}

@Book{Perkins98,
  author =   {C. E. Perkins and B. Woolf and S. R. Alpert},
  title =    {Mobile IP Design Principles and Practices},
  publisher =    {Prentice Hall PTR},
  year =     {1998}
}

@Book{Salus00,
  editor =   {P. H. Salus},
  title =    {Big Book of IPv6 Addressing RFCs (Big Book)},
  publisher =    {Morgan Kaufmann},
  year =     2000
}

@Article{Ouksel92,
  author =   {M. Aris Ouksel and Otto Mayer},
  title =    {{A robust and efficient spatial data structure: The nested interpolation-based grid file}},
  journal =      {Acta Informatica},
  year =     {1992},
  volume =   {29},
  pages =    {335-373}
}

@INPROCEEDINGS{rschmidt:Aberer01a,
    AUTHOR = "Karl {Aberer}",
    TITLE = "{P-Grid: A self-organizing access structure for P2P information systems}",
    BOOKTITLE = "Sixth International Conference on Cooperative Information Systems (CoopIS 2001)",
    CONFLOCATIO = "Trento, Italy",
    YEAR = "2001",
    URL = "http://lsirwww.epfl.ch/publications/CoopIS2001.pdf"
}

@TECHREPORT{rschmidt:Aberer01b,
    AUTHOR = "Karl {Aberer} and Zoran {Despotovic}",
    TITLE = "{Managing Trust in a Peer-2-Peer Information System}",
    YEAR = "2001",
    INSTITUTION = "Swiss Federal Institute of Technology, Lausanne (EPFL)",
    NUMBER = "DSC/2001/029",
    NOTE = "\url{http:/lsirwww.epfl.ch/publications/P2P-Trust.pdf}"
}

@INPROCEEDINGS{rschmidt:Aberer02,
    AUTHOR = "Karl {Aberer} and Manfred {Hauswirth}",
    TITLE = "{Semantic Gossiping}",
    BOOKTITLE = "Database and Information Systems Research for Semantic Web and Enterprises, Invitational Workshop",
    CONFLOCATIO = "University of Georgia, Georgia",
    YEAR = "2002",
    NOTE = "\url{http://lsirpeople.epfl.ch/hauswirth/papers/SemWeb.pdf}"
}

@INPROCEEDINGS{rschmidt:Aberer02b,
    AUTHOR = "Karl {Aberer}",
    TITLE = "{Scalable Data Access in P2P Systems Using Unbalanced Search Trees}",
    BOOKTITLE = "Workshop on Distributed Data and Structures (WDAS-2002)",
    CONFLOCATIO = "Paris, France",
    YEAR = "2002",
    NOTE = "\url{http://www.p-grid.org/Papers/WDAS2002.pdf}"
}

@ARTICLE{rschmidt:Aberer02c,
    AUTHOR = "Karl {Aberer} and Manfred {Hauswirth} and Magdalena {Punceva} and Roman {Schmidt}",
    TITLE = "{Improving Data Access in P2P Systems}",
    JOURNAL = "IEEE Internet Computing",
    VOLUME = "6",
    NUMBER = "1",
    YEAR = "January/February 2002",
    URL = "http://www.p-grid.org/Papers/IC2002.pdf"
}

@TECHREPORT{rschmidt:Aberer03,
    AUTHOR = "Karl {Aberer} and Anwitaman {Datta} and Manfred {Hauswirth}",
    TITLE = "{The Quest for Balancing Peer Load in Structured Peer-to-Peer Systems}",
    YEAR = "2003",
    INSTITUTION = "Swiss Federal Institute of Technology, Lausanne (EPFL)",
    NUMBER = "TR-IC-2003-32",
    URL = "http://www.p-grid.org/Papers/TR-IC-2003-32.pdf"
}

@TECHREPORT{rschmidt:Adar00,
    AUTHOR = "Eytan {Adar} and Bernardo A. {Huberman}",
    TITLE = "{Free Riding on Gnutella}",
    YEAR = "9 September 2000",
    INSTITUTION = "Xerox PARC",
    NOTE = "\url{http://www.firstmonday.dk/issues/issue5_10/adar/index.html}"
}

@MISC{rschmidt:Audiogalaxy01,
    TITLE = "{Audiogalaxy homepage}",
    YEAR = "2001",
    NOTE = "\url{http://www.audiogalaxy.com/}",
    KEY = "Audiogalaxy01"
}

@INPROCEEDINGS{rschmidt:Siena00,
    AUTHOR = "Antonio {Carzaniga} and D.S. {Rosenblum} and A.L. {Wolf}",
    TITLE = "{Achieving Expressiveness and Scalability in an Internet-Scale Event Notification Service}",
    BOOKTITLE = "{19th ACM Symposium on Principles of Distributed Computing}",
    CONFLOCATIO = "Portland OR.",
    YEAR = "July 2000",
    NOTE = "\url{http://www.pdos.lcs.mit.edu/papers/chord:hotos01/hotos8.pdf}"
}

@MANUAL{rschmidt:Clip01,
    PUBLISHER = "Clip2",
    TITLE = "The Gnutella Protocol Specification v0.4 (Document Revision 1.2)",
    YEAR = "June 15 2001",
    URL = "http://www9.limewire.com/developer/gnutella_protocol_0.4.pdf",
    KEY = "Clip01"
}

@INPROCEEDINGS{rschmidt:Dabek01,
    AUTHOR = "Frank {Dabek} and Emma {Brunskill} and M. Frans {Kaashoek} and David {Karger} and Robert {Morris} and Ion {Stoica} and Hari {Balakrishnan}",
    TITLE = "{Building Peer-to-Peer Systems with Chord, a Distributed Lookup Service}",
    BOOKTITLE = "{8th Workshop on Hot Topics in Operating Systems (HotOS-VIII)}",
    YEAR = "2001",
    NOTE = "\url{http://www.pdos.lcs.mit.edu/papers/chord:hotos01/hotos8.pdf}"
}

@MISC{rschmidt:FastTrack01,
    TITLE = "{FastTrack homepage}",
    YEAR = "2001",
    NOTE = "\url{http://www.fasttrack.nu/}",
    KEY = "FastTrack01"
}

@MISC{rschmidt:Fielding97,
    AUTHOR = "R. {Fielding} and J. {Gettys} and J. {Mogul} and H. {Frystyk} and T. {Berners-Lee}",
    TITLE = "{Hypertext Transfer Protocol -- HTTP/1.1}",
    YEAR = "January 1997",
    HOWPUBLISHED = "Network Working Group",
    NOTE = "RFC 2068. \url{http://www.ietf.org/rfc/rfc2068.txt}"
}

@MISC{rschmidt:Freenet01,
    TITLE = "{Freenet Project}",
    YEAR = "2001",
    NOTE = "\url{http://FreenetProject.org}",
    KEY = "Freenet01"
}

@MISC{rschmidt:Gnutella01,
    TITLE = "{Gnutella homepage}",
    YEAR = "2001",
    NOTE = "\url{http://gnutella.wego.com/}",
    KEY = "Gnutella01"
}

@ARTICLE{rschmidt:Gong01,
    AUTHOR = "Li {Gong}",
    TITLE = "{JXTA: A Network Programming Environment}",
    JOURNAL = "IEEE Internet Computing",
    VOLUME = "5",
    NUMBER = "3",
    YEAR = "May/June 2001",
    PAGES = "88--95",
    NOTE = "\url{http://dlib.computer.org/ic/books/ic2001/pdf/w3088.pdf}"
}

@TECHREPORT{rschmidt:Hauswirth02,
    AUTHOR = "Manfred {Hauswirth} and Anwitaman {Datta} and Karl {Aberer}",
    TITLE = "{Handling Identity in Peer-to-Peer Systems}",
    INSTITUTION = "Laboratoire de Syst\`emes d'Information R\'epartis (LSIR), \'Ecole Polytechnique F\'ed\'erale de Lausanne (EPFL)",
    YEAR = "2002",
    NOTE = "\url{http://lsirpeople.epfl.ch/hauswirth/papers/TR-IC-2002-67.pdf}"
}

@INPROCEEDINGS{rschmidt:Heimbigner01,
    AUTHOR = "Dennis {Heimbigner}",
    TITLE = "{Adapting Publish/Subscribe Middleware to Achieve Gnutella-like Functionality}",
    BOOKTITLE = "{2001 ACM Symposium on Applied Computing (SAC 2001): Special Track on Coordination Models, Languages and Applications}",
    CONFLOCATIO = "11-14 March 2001, Las Vegas, Nevada, USA",
    YEAR = "March 2001",
    NOTE = "\url{http://www.cs.colorado.edu/serl/papers/CU-CS-909-00.pdf}"
}

@MISC{rschmidt:HTTP,
    TITLE = "{HTTP protocol}",
    YEAR = "June 1999",
    NOTE = "http://www.w3.org/Protocols/",
    KEY = "HTTP"
}

@ARTICLE{rschmidt:Hubaux01,
    AUTHOR = "J. P. {Hubaux} and Th.{Gross} and J.-Y. Le {Boudec} and M. {Vetterli}",
    TITLE = "{Towards self-organized mobile ad-hoc networks: the Terminodes project}",
    JOURNAL = "IEEE Communications Magazine",
    YEAR = "January 2001",
    NOTE = "\url{http://www.terminodes.org/publications/commag01a.pdf}"
}

@MISC{rschmidt:iMesh01,
    TITLE = "{iMesh homepage}",
    YEAR = "2001",
    NOTE = "\url{http://www.iMesh.com/}",
    KEY = "iMesh01"
}

@ARTICLE{rschmidt:Imielinski97,
    AUTHOR = "T. {Imielinski} and S. {Viswanathan} and B. R. {Badrinath}",
    TITLE = "{Data on Air: Organization and Access}",
    JOURNAL = "IEEE Transactions on Knowledge and Data Engineering",
    VOLUME = "9",
    NUMBER = "3",
    YEAR = "May/June 1997"
}

@MISC{rschmidt:Jovanovic01,
    AUTHOR = "Mihajlo A. {Jovanovic} and Fred S. {Annexstein} and Kenneth A. {Berman}",
    TITLE = "{Scalability Issues in Large Peer-to-Peer Networks - A Case Study of Gnutella}",
    YEAR = "2001",
    HOWPUBLISHED = "University of Cincinnati, Laboratory for Networks and Applied Graph Theory",
    NOTE = "\url{http://www.ececs.uc.edu/~mjovanov/Research/paper.ps}"
}

@TECHREPORT{rschmidt:Kleinberg99,
    AUTHOR = "Jon {Kleinberg}",
    TITLE = "{The Small-World Phenomenon: An Algorithmic Perspective}",
    YEAR = "October 1999",
    INSTITUTION = "Cornell Computer Science",
    NUMBER = "99-1776",
    NOTE = "\url{http://www.cs.cornell.edu/home/kleinber/swn.pdf}"
}

@TECHREPORT{rschmidt:Litwin02a,
    AUTHOR = "Witold {Litwin} and Thomas {Schwarz}, S.J.",
    TITLE = "{Algerbric Signatures for Scalable Distributed Data Structures}",
    INSTITUTION = "CERIA",
    YEAR = "22 September 2002",
    URL = "http://ceria.dauphine.fr/File Signature Calculation for SDDS-thomas2.pdf"
}

@INPROCEEDINGS{rschmidt:Litwin03a,
    AUTHOR = "Witold {Litwin} and Riad {Mokadem} and Thomas {Schwarz}, S.J.",
    TITLE = "{Disk Backup Through Algebraic Signatures in Scalable and Distributed Data Structures}",
    BOOKTITLE = "Fifth Workshop on Distributed Data and Structures (WDAS 2003)",
    CONFLOCATIO = "Thessaloniki",
    YEAR = "June 2003",
    URL = "http://ceria.dauphine.fr/Riad/Article_storage-wdas_wl.pdf"
}

@MISC{rschmidt:MojoNation00,
    TITLE = "{Mojo Nation Technology Overview}",
    YEAR = "14 February 2000",
    INSTITUTION = "Mojo Nation",
    NOTE = "\url{http://www.mojonation.net/docs/technical_overview.shtml}",
    KEY = "MojoNation00"
}

@MISC{rschmidt:Morpheus01,
    AUTHOR = "Kelly {Truelove} and Andrew {Chasin}",
    TITLE = "{Morpheus Out of the Underworld}",
    YEAR = "2001",
    NOTE = "\url{http://www.openp2p.com/pub/a/p2p/2001/07/02/morpheus.html}",
    KEY = "Morpheus01"
}

@MISC{rschmidt:Napster01,
    TITLE = "{Napster homepage}",
    YEAR = "2001",
    NOTE = "\url{http://www.napster.com/}",
    KEY = "Napster01"
}

@INPROCEEDINGS{rschmidt:Plaxton97,
    AUTHOR = "C. Greg {Plaxton} and Rajmohan {Rajaraman} and Andr\'ea W. {Richa}",
    TITLE = "{Accessing Nearby Copies of Replicated Objects in a Distributed Environment}",
    BOOKTITLE = "{9th Annual ACM Symposium on Parallel Algorithms and Architectures}",
    YEAR = "June 1997",
    PAGES = "311--20",
    NOTE = "\url{http://www.cs.utexas.edu/users/plaxton/ps/1997/spaa.ps}"
}

@ARTICLE{rschmidt:Rhea01,
    AUTHOR = "Sean {Rhea}",
    TITLE = "{Maintenance-free Global Data Storage}",
    JOURNAL = "IEEE Internet Computing",
    VOLUME = "5",
    NUMBER = "5",
    YEAR = "September/October 2001"
}

@MASTERSTHESIS{rschmidt:Schmidt02,
    Author         = "Roman {Schmidt}",
    Url            = "http://infosys.tuwien.ac.at/Staff/rschmidt/Papers/Gridella; an open and efficient Gnutalla-compatible Peer-to-Peer System based on the P-Grid approach",
    School         = "Technical University of Vienna",
    Title          = "Gridella: an open and efficient Gnutalla-compatible Peer-to-Peer System based on the P-Grid approach",
    Year           = "2002"
}

@UNPUBLISHED{rschmidt:Sripanidkulchai01,
    AUTHOR = "Kunwadee {Sripanidkulchai}",
    TITLE = "{The popularity of Gnutella queries and its implications on scalability}",
    YEAR = "February 2001",
    NOTE = "\url{http://www.cs.cmu.edu/~kunwadee/research/p2p/gnutella.html}"
}

@ARTICLE{rschmidt:Stonebraker96,
    AUTHOR = "Michael {Stonebraker} and Paul M. {Aoki} and Witold {Litwin} and Avi {Pfeffer} and Adam {Sah} and Jeff {Sidell} and Carl {Staelin} and Andrew {Yu}",
    TITLE = "{Mariposa: A Wide-Area Distributed Database System}",
    JOURNAL = "VLDB Journal",
    VOLUME = "5",
    NUMBER = "1",
    YEAR = "1996",
    PAGES = "48--63",
    NOTE = "\url{http://epoch.CS.Berkeley.EDU:8000/personal/aoki/papers/vldbj96.pdf}"
}

@MISC{rschmidt:W3C-XMLSchema,
    TITLE = "{W3C XML Schema}",
    AUTHOR = "W3C",
    YEAR = "2001",
    NOTE = "http://www.w3.org/XML/Schema",
}

@UNPUBLISHED{rschmidt:Wong01,
    AUTHOR = "William {Wong}",
    TITLE = "{Furi hompage}",
    YEAR = "2001",
    NOTE = "\url{http://www.jps.net/williamw/furi/}"
}

@INPROCEEDINGS{rschmidt:Yokota99,
    AUTHOR = "Haruo {Yokota} and Yasuhiko {Kanemasa} and {Jun Miyazaki}",
    TITLE = "{Fat-Btree: An Update-Conscious Parallel Directory Structure}",
    BOOKTITLE = "International Conference on Data Engineering (ICDE)",
    YEAR = "1999"
}
